@misc{airmonng,
    title     = "Airmon-ng",
    url       = "https://www.aircrack-ng.org/doku.php?id=airmon-ng"
}
